%% This BibTeX bibliography file was created using BibDesk.
%% http://bibdesk.sourceforge.net/


%% Created for Joseph Casillas at 2011-12-08 22:54:59 -0700 


%% Saved with string encoding Unicode (UTF-8) 



@book{cOral,
	Author = {Richard V. Teschner},
	Publisher = {New York: McGraw-Hill},
	Title = {Camino Oral: Fonética, Fonología Y Práctica De Los Sonidos Del Español},
	Year = {1996}}

@book{ILH2011,
	Author = {Hualde, Joseé Ignacio and Antxon Olarrea and Anna María Escobar and Catherine E. Travis},
	Publisher = {Cambridge University Press},
	Title = {Introducción a la lingüística hispánica},
	Year = {2011}}

@article{Colina,
	Journal = {University of Arizona},
	Author = {Colina, Sonia},
	La = {Spanish},
	Title = {Introduction to Spanish Phonetics (class notes)},
	Year = {2011}}

@article{Olarrea,
	Journal = {University of Arizona, Spanish 452},
	Author = {Olarrea, Antxon},
	La = {Spanish},
	Title = {Introduction to Hispanic Linguistics (class notes)},
	Year = {2010}}
